<record xmlns="http://www.loc.gov/MARC21/slim" xmlns:xsi="http://www.w3.org/2001/XMLSchema-instance" xsi:schemaLocation="http://www.loc.gov/MARC21/slim http://www.loc.gov/standards/marcxml/schema/MARC21slim.xsd"><leader>01531nam a2200313   4500</leader><controlfield tag="001">001677133</controlfield><controlfield tag="003">NNU</controlfield><controlfield tag="006">m        d        </controlfield><controlfield tag="007">cr cn |||m|||a</controlfield><controlfield tag="008">150223s1960    sy      o     000 0 ara d</controlfield><datafield ind1=" " ind2=" " tag="040"><subfield code="a">NNU</subfield><subfield code="b">eng</subfield><subfield code="c">NNU</subfield></datafield><datafield ind1=" " ind2="4" tag="050"><subfield code="a">BJ37</subfield><subfield code="b">.I7</subfield></datafield><datafield ind1="1" ind2=" " tag="100"><subfield code="6">880-01</subfield><subfield code="a">Ista&#772;nbu&#772;li&#772;, Mah&#803;mu&#772;d Mahdi&#772;.</subfield></datafield><datafield ind1="1" ind2="0" tag="245"><subfield code="6">880-02</subfield><subfield code="a">H&#803;iwa&#772;r bayna al-fala&#772;sifah h&#803;awla ta&#700;si&#772;s al-ikhla&#772;q</subfield><subfield code="h">[electronic resource] /</subfield><subfield code="c">ta&#700;li&#772;f Mah&#803;mu&#772;d Mahdi&#772; al-Ista&#772;nbu&#772;li&#772;.</subfield></datafield><datafield ind1=" " ind2=" " tag="260"><subfield code="6">880-03</subfield><subfield code="a">Dimashq :</subfield><subfield code="b">al-Tamaddun al-Isla&#772;mi&#772;,</subfield><subfield code="c">1960.</subfield></datafield><datafield ind1=" " ind2=" " tag="300"><subfield code="a">online resource (84 p.)</subfield></datafield><datafield ind1=" " ind2=" " tag="500"><subfield code="a">Part of the Arabic Collections Online (ACO) project, contributed by New York Univeristy Libraries.</subfield></datafield><datafield ind1=" " ind2=" " tag="533"><subfield code="a">Electronic reproduction.</subfield><subfield code="b">New York, N.Y. :</subfield><subfield code="c">New York University,</subfield><subfield code="d">2015.</subfield><subfield code="5">NNU</subfield></datafield><datafield ind1=" " ind2="0" tag="650"><subfield code="a">Ethics.</subfield></datafield><datafield ind1=" " ind2="7" tag="650"><subfield code="a">Ethics.</subfield><subfield code="2">fast</subfield><subfield code="0">(OCoLC)fst00915833</subfield></datafield><datafield ind1="2" ind2=" " tag="710"><subfield code="a">New York University.</subfield><subfield code="b">Libraries.</subfield></datafield><datafield ind1="0" ind2=" " tag="730"><subfield code="a">Arabic Collections Online.</subfield></datafield><datafield ind1="0" ind2="8" tag="776"><subfield code="i">Print version:</subfield><subfield code="a">Ista&#772;nbu&#772;li&#772;, Mah&#803;mu&#772;d Mahdi&#772;.</subfield><subfield code="t">H&#803;iwa&#772;r bayna al-fala&#772;sifah h&#803;awla ta&#700;si&#772;s al-ikhla&#772;q</subfield><subfield code="w">(NNU)001677133</subfield></datafield><datafield ind1="4" ind2="0" tag="856"><subfield code="u">http://hdl.handle.net/2333.1/sf7m0ftc</subfield></datafield><datafield ind1="1" ind2=" " tag="880"><subfield code="6">100-01/</subfield><subfield code="a">&#1573;&#1587;&#1578;&#1575;&#1606;&#1576;&#1608;&#1604;&#1610;&#1548; &#1605;&#1581;&#1605;&#1608;&#1583; &#1605;&#1607;&#1583;&#1610;.</subfield></datafield><datafield ind1="1" ind2="0" tag="880"><subfield code="6">245-02/</subfield><subfield code="a">&#1581;&#1608;&#1575;&#1585; &#1576;&#1610;&#1606; &#1575;&#1604;&#1601;&#1604;&#1575;&#1587;&#1601;&#1577; &#1581;&#1608;&#1604; &#1578;&#1571;&#1587;&#1610;&#1587; &#1575;&#1604;&#1575;&#1582;&#1604;&#1575;&#1602; /</subfield><subfield code="c">&#1578;&#1571;&#1604;&#1610;&#1601; &#1605;&#1581;&#1605;&#1608;&#1583; &#1605;&#1607;&#1583;&#1610; &#1575;&#1604;&#1573;&#1587;&#1578;&#1575;&#1606;&#1576;&#1608;&#1604;&#1610;.</subfield></datafield><datafield ind1=" " ind2=" " tag="880"><subfield code="6">260-03/</subfield><subfield code="a">&#1583;&#1605;&#1588;&#1602; :</subfield><subfield code="b">&#1575;&#1604;&#1578;&#1605;&#1583;&#1606; &#1575;&#1604;&#1575;&#1587;&#1604;&#1575;&#1605;&#1610;&#1548;</subfield><subfield code="c">1960.</subfield></datafield><datafield ind1=" " ind2=" " tag="959"><subfield code="a">NNU</subfield><subfield code="b">WEB</subfield><subfield code="c">GENI</subfield><subfield code="t">0</subfield><subfield code="m">Electronic access</subfield><subfield code="s">01</subfield></datafield><datafield ind1=" " ind2=" " tag="999"><subfield code="i">NNU_001677133</subfield><subfield code="s">nyu_aco000434</subfield></datafield></record>